<record><leader>00000cas a22000007a 4500</leader><controlfield tag="001">12338721</controlfield><controlfield tag="008">850802d18711931mouwr ne      0    0eng d</controlfield><datafield ind1=" " ind2=" " tag="010"><subfield code="a">sn 85033940 </subfield></datafield><datafield ind1=" " ind2=" " tag="040"><subfield code="a">NPU</subfield><subfield code="b">eng</subfield><subfield code="c">NPU</subfield><subfield code="d">NPX</subfield><subfield code="d">MQN</subfield><subfield code="d">OCLCQ</subfield></datafield><datafield ind1=" " ind2=" " tag="042"><subfield code="a">msc</subfield></datafield><datafield ind1="0" ind2=" " tag="130"><subfield code="a">Huntsville herald (Huntsville, Mo. : 1871)</subfield></datafield><datafield ind1="1" ind2="4" tag="245"><subfield code="a">The Huntsville herald.</subfield></datafield><datafield ind1=" " ind2=" " tag="260"><subfield code="a">Huntsville, Randolph Co., Mo. :</subfield><subfield code="b">W.C. Davis &amp; Co.</subfield></datafield><datafield ind1=" " ind2=" " tag="300"><subfield code="a">v.</subfield></datafield><datafield ind1=" " ind2=" " tag="310"><subfield code="a">Weekly</subfield></datafield><datafield ind1="0" ind2=" " tag="362"><subfield code="a">Vol. 3, no. 1 (Jan. 18, 1871)-v. 62, no. 52 (Mar. 12, 1931).</subfield></datafield><datafield ind1=" " ind2="4" tag="651"><subfield code="a">Huntsville (Mo.)</subfield><subfield code="v">Newspapers.</subfield></datafield><datafield ind1=" " ind2=" " tag="752"><subfield code="a">United States</subfield><subfield code="b">Missouri</subfield><subfield code="c">Randolph</subfield><subfield code="d">Huntsville.</subfield></datafield><datafield ind1="0" ind2=" " tag="775"><subfield code="t">Huntsville daily herald</subfield><subfield code="w">(DLC)sn 89066686</subfield></datafield><datafield ind1="0" ind2="0" tag="780"><subfield code="t">North Missouri herald</subfield><subfield code="w">(DLC)sn 89066685</subfield></datafield><datafield ind1="0" ind2="5" tag="780"><subfield code="t">Randolph citizen</subfield><subfield code="w">(DLC)sn 83025358</subfield></datafield><datafield ind1="0" ind2="7" tag="785"><subfield code="t">Randolph County times</subfield><subfield code="w">(DLC)sn 92059011</subfield></datafield><datafield ind1="0" ind2="7" tag="785"><subfield code="t">Randolph County times-herald</subfield><subfield code="w">(DLC)sn 83016982</subfield></datafield></record>